<record><leader>00000cas a2200000 a 4500</leader><controlfield tag="001">9630227</controlfield><controlfield tag="008">830621d19201924nyudr ne      0    0eng c</controlfield><datafield ind1=" " ind2=" " tag="010"><subfield code="a">sn 83045774 </subfield></datafield><datafield ind1=" " ind2=" " tag="040"><subfield code="a">CRL</subfield><subfield code="b">eng</subfield><subfield code="c">CRL</subfield><subfield code="d">NPW</subfield><subfield code="d">DLC</subfield><subfield code="d">NPA</subfield><subfield code="d">NPY</subfield><subfield code="d">YOX</subfield><subfield code="d">NYS</subfield><subfield code="d">KNP</subfield><subfield code="d">CRL</subfield><subfield code="d">NYS</subfield><subfield code="d">CNK</subfield><subfield code="d">NYS</subfield><subfield code="d">NVF</subfield><subfield code="d">DLC</subfield><subfield code="d">NYS</subfield><subfield code="d">DLC</subfield><subfield code="d">KRTAS</subfield><subfield code="d">OCLCQ</subfield><subfield code="d">OCLCF</subfield><subfield code="d">OCLCO</subfield><subfield code="d">NLC</subfield></datafield><datafield ind1=" " ind2=" " tag="016"><subfield code="a">(AMICUS)000013727930</subfield></datafield><datafield ind1="1" ind2=" " tag="029"><subfield code="a">AU@</subfield><subfield code="b">000041559840</subfield></datafield><datafield ind1=" " ind2=" " tag="042"><subfield code="a">pcc</subfield></datafield><datafield ind1=" " ind2=" " tag="043"><subfield code="a">n-us-ny</subfield></datafield><datafield ind1="0" ind2="0" tag="050"><subfield code="a">Newspaper</subfield></datafield><datafield ind1="0" ind2=" " tag="130"><subfield code="a">New York herald (New York, N.Y. : 1920)</subfield></datafield><datafield ind1="1" ind2="4" tag="245"><subfield code="a">The New York herald.</subfield></datafield><datafield ind1="1" ind2=" " tag="246"><subfield code="i">Due to strike, published jointly with other newspapers as:</subfield><subfield code="a">Combined New York morning newspapers</subfield><subfield code="f">Sept. 19-26, 1923</subfield></datafield><datafield ind1="3" ind2=" " tag="246"><subfield code="a">Combined New York Sunday newspapers</subfield></datafield><datafield ind1=" " ind2=" " tag="260"><subfield code="a">New York, N.Y. :</subfield><subfield code="b">Sun-Herald,</subfield><subfield code="c">1920-1924.</subfield></datafield><datafield ind1=" " ind2=" " tag="300"><subfield code="a">4 v. :</subfield><subfield code="b">ill.</subfield></datafield><datafield ind1=" " ind2=" " tag="310"><subfield code="a">Daily</subfield></datafield><datafield ind1="0" ind2=" " tag="362"><subfield code="a">Vol. 86, no. 32 (Oct. 1, 1920) ; v. 85, no. 33 (Oct. 2, 1920)-v. 88, no. 201 (Mar. 18, 1924).</subfield></datafield><datafield ind1=" " ind2=" " tag="530"><subfield code="a">Available on microfilm from Library of Congress, Photoduplication Service, and New York Public Library.</subfield></datafield><datafield ind1=" " ind2="0" tag="651"><subfield code="a">New York (N.Y.)</subfield><subfield code="v">Newspapers.</subfield></datafield><datafield ind1=" " ind2="0" tag="651"><subfield code="a">New York County (N.Y.)</subfield><subfield code="v">Newspapers.</subfield></datafield><datafield ind1=" " ind2="7" tag="655"><subfield code="a">Newspapers.</subfield><subfield code="2">fast</subfield><subfield code="0">(OCoLC)fst01423814</subfield></datafield><datafield ind1=" " ind2="7" tag="651"><subfield code="a">New York (State)</subfield><subfield code="z">New York.</subfield><subfield code="2">fast</subfield><subfield code="0">(OCoLC)fst01204333</subfield></datafield><datafield ind1=" " ind2="7" tag="651"><subfield code="a">New York (State)</subfield><subfield code="z">New York County.</subfield><subfield code="2">fast</subfield><subfield code="0">(OCoLC)fst01234953</subfield></datafield><datafield ind1=" " ind2=" " tag="752"><subfield code="a">United States</subfield><subfield code="b">New York</subfield><subfield code="c">New York</subfield><subfield code="d">New York.</subfield></datafield><datafield ind1="0" ind2="1" tag="780"><subfield code="t">Sun and the New York herald</subfield><subfield code="w">(DLC)sn 83030273</subfield><subfield code="w">(OCoLC)9416945</subfield></datafield><datafield ind1="0" ind2="7" tag="785"><subfield code="t">New-York tribune (New York, N.Y. : 1866 : Daily)</subfield><subfield code="w">(DLC)sn 83030214</subfield><subfield code="w">(OCoLC)9405688</subfield></datafield><datafield ind1="0" ind2="7" tag="785"><subfield code="t">New York herald, New York tribune</subfield><subfield code="w">(DLC)sn 83030215</subfield><subfield code="w">(OCoLC)9405828</subfield></datafield><datafield ind1=" " ind2=" " tag="938"><subfield code="a">Kirtas Technologies, Inc.</subfield><subfield code="b">KRTS</subfield><subfield code="n">736937</subfield></datafield></record>